@misc{about_python,
  author = {},
  title = {{About Python}},
  howpublished = "\url{https://www.python.org/about/}",
  year = {a}, 
  note = "[a]"
}

@misc{whatis_python,
  author = {},
  title = {{}},
  howpublished = "\url{http://python.about.com/od/gettingstarted/ss/whatispython_3.htm1}",
  year = {a}, 
  note = "[a]"
}
