@misc{abc,
  author = {Ingo Lütkebohle},
  title = {{What is Cyberbullying}},
  howpublished = "\url{http://www.stopbullying.gov/cyberbullying/what-is-it/}",
  year = {2008}, 
  note = "[Online; accessed 22-January-2014]"
}


@misc{stats,
  author = {},
  title = {{Cyber Bullying Statistics }},
  howpublished = "\url{http://www.bullyingstatistics.org/content/cyber-bullying-statistics.html}",
  year = {}, 
  note = "[Online; accessed 25-January-2014]"
}


@misc{eldridge,
  author = {Andrea Eldridge},
  title = {{Anonymity: The Key To Social Media Cyberbullying? }},
  howpublished = "\url{http://www.netnanny.com/blog/anonymity-the-key-to-social-media-cyberbullying/}",
  year = {2013}, 
  note = "[Online; accessed 22-January-2014]"
}


@Article{collier,
author = { Anne Collier },
title = {The anonymity factor},
journal = {Bullying or Cyberbullying,},
year = {2013},
OPTkey = {•},
OPTvolume = {19},
OPTnumber = {3},
OPTpages = {7-9},
OPTmonth = {•},
OPTnote = {•},
OPTannote = {•}
}


@misc{taran,
  author = {Randy Taran},
  title = {{Cyberbullying Apps -- Why Are We Allowing Anonymous Cruelty? }},
  howpublished = "\url{http://www.huffingtonpost.com/randy-taran/cyberbullying-apps_b_3941599.html}",
  year = {2013}, 
  note = "[Online; accessed 22-January-2014]"
}

@misc{anonymity,
author = {},
  title = {{Invisible Online: How Anonymity Effects Cyberbullying}},
  howpublished = "\url{http://www.trulioo.com/blog/2013/10/25/invisible-online-how-anonymity-effects-cyberbullying/}",
  year = {2013}, 
  note = "[Online; accessed 22-January-2014]"
}


@Article{patchin2012,
author = {Justin W. Patchin, Ph.D. and Sameer Hinduja, Ph.D.},
title = {School-Based Efforts to Prevent Cyberbullying},
journal = {The Prevention Researcher},
year = {2012},
OPTkey = {•},
OPTvolume = {19},
OPTnumber = {3},
OPTpages = {7-9},
OPTmonth = {•},
OPTnote = {•},
OPTannote = {•}
}


@misc{cyber_vs_traditional,
  author = {Raychelle Cassada Lohmann, M.S., L.P.C. },
  title = {{Cyberbullying versus Traditional Bullying - 
When joking crosses the line. }},
  howpublished = "\url{http://www.psychologytoday.com/blog/teen-angst/201205/cyberbullying-versus-traditional-bullying-1}",
  year = {2012}, 
  note = "[Online; accessed 22-January-2014]"
}



@misc{what_is_cyberbullying,
  title = {{What is Cyberbullying}},
  howpublished = "\url{http://www.stopbullying.gov/cyberbullying/what-is-it/}",
  note = "[Online; accessed 22-January-2014]"
}

@online{delaney2013,
author = {Richard Delaney},
title = {Python Scripts as a Replacement for Bash Utility Scripts},
year = {2013},
url = {http://www.linuxjournal.com/content/python-scripts-replacement-bash-utility-scripts},
}

@InProceedings{davis2013,
author = {Ian Davis and Ric Holt and Ron Mraz},
title = {Fact Extraction from Bash in Support of Script Migration},
booktitle = {•},
}

@article{cordy1991,
 author = {Cordy, James R. and Halpern-Hamu, Charles D. and Promislow, Eric},
 title = {TXL: A Rapid Prototyping System for Programming Language Dialects},
 journal = {Comput. Lang.},
 issue_date = {1991},
 volume = {16},
 number = {1},
 month = jan,
 year = {1991},
 issn = {0096-0551},
 pages = {97--107},
 numpages = {11},
 url = {http://dx.doi.org/10.1016/0096-0551(91)90019-6},
 doi = {10.1016/0096-0551(91)90019-6},
 acmid = {115074},
 publisher = {Pergamon Press, Inc.},
 address = {Tarrytown, NY, USA}
} 

@article{cordy2006,
 author = {Cordy, James R.},
 title = {The TXL Source Transformation Language},
 journal = {Sci. Comput. Program.},
 issue_date = {August 2006},
 volume = {61},
 number = {3},
 month = aug,
 year = {2006},
 issn = {0167-6423},
 pages = {190--210},
 numpages = {21},
 url = {http://dx.doi.org/10.1016/j.scico.2006.04.002},
 doi = {10.1016/j.scico.2006.04.002},
 acmid = {1149672},
 publisher = {Elsevier North-Holland, Inc.},
 address = {Amsterdam, The Netherlands, The Netherlands},
 keywords = {functional programming, grammars, source transformation, term rewriting}
}

@Misc{whyuseshellscripts1,
url = {http://www.dartmouth.edu/~rc/classes/ksh/why.html},
OPTkey = {•},
OPTauthor = {Why use Shell Scripts},
OPTtitle = {http://www.dartmouth.edu/~rc/classes/ksh/why.html},
OPThowpublished = {•},
OPTmonth = {•},
OPTyear = {•},
OPTnote = {•},
OPTannote = {•}
}

@misc{whyuseshellscripts,
  title = {{Why use Shell Scripts}},
  howpublished = "\url{http://www.dartmouth.edu/~rc/classes/ksh/why.html}",
  year = {2005}
}

@misc{bworld,
  author = {Ingo Lütkebohle},
  title = {{BWorld Robot Control Software}},
  howpublished = "\url{http://aiweb.techfak.uni-bielefeld.de/content/bworld-robot-control-software/}",
  year = {2008}, 
  note = "[Online; accessed 19-July-2008]"
}

